@phdthesis{Tjahjanto2008,
    author = {Tjahjanto, D.D.},
    title = {Micromechanical modeling and simulations of transformation-induced plasticity in multiphase carbon steels},
    school = {TUDelft},
    year = {2008},
    note = {Available from: https://repository.tudelft.nl/islandora/object/uuid:32a7ae08-96fe-4f0e-baf3-1af379580708/datastream/OBJ/download},
    pages = {97}
}